%YAML 1.1
%TAG !u! tag:unity3d.com,2011:
--- !u!1001 &100100000
Prefab:
  m_ObjectHideFlags: 1
  serializedVersion: 2
  m_Modification:
    m_TransformParent: {fileID: 0}
    m_Modifications: []
    m_RemovedComponents: []
  m_ParentPrefab: {fileID: 0}
  m_RootGameObject: {fileID: 1103707826719914}
  m_IsPrefabParent: 1
--- !u!1 &1103707826719914
GameObject:
  m_ObjectHideFlags: 0
  m_PrefabParentObject: {fileID: 0}
  m_PrefabInternal: {fileID: 100100000}
  serializedVersion: 5
  m_Component:
  - component: {fileID: 4148720855997346}
  - component: {fileID: 212359121545618856}
  - component: {fileID: 50025797531012392}
  - component: {fileID: 233694082223903142}
  - component: {fileID: 114074994792253762}
  - component: {fileID: 60888834500191150}
  - component: {fileID: 114000924300901988}
  m_Layer: 10
  m_Name: PalhetaAmarela_Rigth
  m_TagString: BotRigth
  m_Icon: {fileID: 0}
  m_NavMeshLayer: 0
  m_StaticEditorFlags: 0
  m_IsActive: 1
--- !u!4 &4148720855997346
Transform:
  m_ObjectHideFlags: 1
  m_PrefabParentObject: {fileID: 0}
  m_PrefabInternal: {fileID: 100100000}
  m_GameObject: {fileID: 1103707826719914}
  m_LocalRotation: {x: 0, y: 0, z: 0, w: 1}
  m_LocalPosition: {x: -1.1705606, y: -7.8891993, z: 0}
  m_LocalScale: {x: -1, y: 1, z: 1}
  m_Children: []
  m_Father: {fileID: 0}
  m_RootOrder: 0
  m_LocalEulerAnglesHint: {x: 0, y: 0, z: 0}
--- !u!50 &50025797531012392
Rigidbody2D:
  serializedVersion: 4
  m_ObjectHideFlags: 1
  m_PrefabParentObject: {fileID: 0}
  m_PrefabInternal: {fileID: 100100000}
  m_GameObject: {fileID: 1103707826719914}
  m_BodyType: 0
  m_Simulated: 1
  m_UseFullKinematicContacts: 0
  m_UseAutoMass: 0
  m_Mass: 21
  m_LinearDrag: 0
  m_AngularDrag: 0.05
  m_GravityScale: 1
  m_Material: {fileID: 0}
  m_Interpolate: 0
  m_SleepingMode: 1
  m_CollisionDetection: 1
  m_Constraints: 0
--- !u!60 &60888834500191150
PolygonCollider2D:
  m_ObjectHideFlags: 1
  m_PrefabParentObject: {fileID: 0}
  m_PrefabInternal: {fileID: 100100000}
  m_GameObject: {fileID: 1103707826719914}
  m_Enabled: 1
  m_Density: 1
  m_Material: {fileID: 0}
  m_IsTrigger: 0
  m_UsedByEffector: 0
  m_UsedByComposite: 0
  m_Offset: {x: 0, y: 0}
  m_SpriteTilingProperty:
    border: {x: 0, y: 0, z: 0, w: 0}
    pivot: {x: 0.20421122, y: 0.4841044}
    oldSize: {x: 2.23, y: 1.56}
    newSize: {x: 2.51, y: 1.03}
    adaptiveTilingThreshold: 0.5
    drawMode: 0
    adaptiveTiling: 0
  m_AutoTiling: 0
  m_Points:
    m_Paths:
    - - {x: 1.0646089, y: -0.15520287}
      - {x: 1.274609, y: -0.11520287}
      - {x: 1.5246091, y: -0.055202864}
      - {x: 1.564609, y: -0.035202865}
      - {x: 1.644609, y: 0.034797132}
      - {x: 1.6746091, y: 0.08479713}
      - {x: 1.684609, y: 0.13479713}
      - {x: 1.684609, y: 0.15479714}
      - {x: 1.644609, y: 0.24479713}
      - {x: 1.604609, y: 0.28479713}
      - {x: 1.484609, y: 0.34479713}
      - {x: 0.054608993, y: 0.34479713}
      - {x: -0.025391005, y: 0.3347971}
      - {x: -0.18539101, y: 0.3047971}
      - {x: -0.315391, y: 0.18479712}
      - {x: -0.355391, y: 0.094797134}
      - {x: -0.365391, y: 0.044797134}
      - {x: -0.365391, y: -0.045202866}
      - {x: -0.33539099, y: -0.12520286}
      - {x: -0.305391, y: -0.19520286}
      - {x: -0.215391, y: -0.29520285}
      - {x: -0.105391, y: -0.33520287}
      - {x: 0.09460899, y: -0.33520287}
      - {x: 0.16460899, y: -0.32520285}
      - {x: 0.444609, y: -0.27520287}
      - {x: 0.874609, y: -0.20520286}
--- !u!114 &114000924300901988
MonoBehaviour:
  m_ObjectHideFlags: 1
  m_PrefabParentObject: {fileID: 0}
  m_PrefabInternal: {fileID: 100100000}
  m_GameObject: {fileID: 1103707826719914}
  m_Enabled: 1
  m_EditorHideFlags: 0
  m_Script: {fileID: 11500000, guid: aba7e3fe3ee7e7b40a80118402badd74, type: 3}
  m_Name: 
  m_EditorClassIdentifier: 
  pa: {fileID: 114074994792253762}
--- !u!114 &114074994792253762
MonoBehaviour:
  m_ObjectHideFlags: 1
  m_PrefabParentObject: {fileID: 0}
  m_PrefabInternal: {fileID: 100100000}
  m_GameObject: {fileID: 1103707826719914}
  m_Enabled: 1
  m_EditorHideFlags: 0
  m_Script: {fileID: 11500000, guid: c46a763644a1f7046a4129a15f6015d4, type: 3}
  m_Name: 
  m_EditorClassIdentifier: 
  rightFlipperRigid: {fileID: 0}
  torqueForce: 15000
  player: 0
--- !u!212 &212359121545618856
SpriteRenderer:
  m_ObjectHideFlags: 1
  m_PrefabParentObject: {fileID: 0}
  m_PrefabInternal: {fileID: 100100000}
  m_GameObject: {fileID: 1103707826719914}
  m_Enabled: 1
  m_CastShadows: 0
  m_ReceiveShadows: 0
  m_MotionVectors: 1
  m_LightProbeUsage: 1
  m_ReflectionProbeUsage: 1
  m_Materials:
  - {fileID: 10754, guid: 0000000000000000f000000000000000, type: 0}
  m_StaticBatchInfo:
    firstSubMesh: 0
    subMeshCount: 0
  m_StaticBatchRoot: {fileID: 0}
  m_ProbeAnchor: {fileID: 0}
  m_LightProbeVolumeOverride: {fileID: 0}
  m_ScaleInLightmap: 1
  m_PreserveUVs: 0
  m_IgnoreNormalsForChartDetection: 0
  m_ImportantGI: 0
  m_SelectedEditorRenderState: 0
  m_MinimumChartSize: 4
  m_AutoUVMaxDistance: 0.5
  m_AutoUVMaxAngle: 89
  m_LightmapParameters: {fileID: 0}
  m_SortingLayerID: 0
  m_SortingLayer: 0
  m_SortingOrder: 4
  m_Sprite: {fileID: 21300000, guid: 1d66e72f54c190c438584f47413727d8, type: 3}
  m_Color: {r: 1, g: 1, b: 1, a: 1}
  m_FlipX: 0
  m_FlipY: 0
  m_DrawMode: 0
  m_Size: {x: 2.51, y: 1.03}
  m_AdaptiveModeThreshold: 0.5
  m_SpriteTileMode: 0
  m_WasSpriteAssigned: 1
--- !u!233 &233694082223903142
HingeJoint2D:
  m_ObjectHideFlags: 1
  m_PrefabParentObject: {fileID: 0}
  m_PrefabInternal: {fileID: 100100000}
  m_GameObject: {fileID: 1103707826719914}
  m_Enabled: 1
  serializedVersion: 4
  m_EnableCollision: 1
  m_ConnectedRigidBody: {fileID: 0}
  m_BreakForce: Infinity
  m_BreakTorque: Infinity
  m_AutoConfigureConnectedAnchor: 1
  m_Anchor: {x: 0, y: 0}
  m_ConnectedAnchor: {x: -1.1705606, y: -7.8891993}
  m_UseMotor: 0
  m_Motor:
    m_MotorSpeed: -1000
    m_MaximumMotorForce: 10000
  m_UseLimits: 1
  m_AngleLimits:
    m_LowerAngle: -25
    m_UpperAngle: 25
