%YAML 1.1
%TAG !u! tag:unity3d.com,2011:
--- !u!1001 &100100000
Prefab:
  m_ObjectHideFlags: 1
  serializedVersion: 2
  m_Modification:
    m_TransformParent: {fileID: 0}
    m_Modifications: []
    m_RemovedComponents: []
  m_ParentPrefab: {fileID: 0}
  m_RootGameObject: {fileID: 1103707826719914}
  m_IsPrefabParent: 1
--- !u!1 &1103707826719914
GameObject:
  m_ObjectHideFlags: 0
  m_PrefabParentObject: {fileID: 0}
  m_PrefabInternal: {fileID: 100100000}
  serializedVersion: 5
  m_Component:
  - component: {fileID: 4148720855997346}
  - component: {fileID: 212359121545618856}
  - component: {fileID: 50025797531012392}
  - component: {fileID: 233694082223903142}
  - component: {fileID: 114074994792253762}
  - component: {fileID: 60888834500191150}
  m_Layer: 10
  m_Name: PalhetaRoxa_Rigth
  m_TagString: Palheta
  m_Icon: {fileID: 0}
  m_NavMeshLayer: 0
  m_StaticEditorFlags: 0
  m_IsActive: 1
--- !u!4 &4148720855997346
Transform:
  m_ObjectHideFlags: 1
  m_PrefabParentObject: {fileID: 0}
  m_PrefabInternal: {fileID: 100100000}
  m_GameObject: {fileID: 1103707826719914}
  m_LocalRotation: {x: 0, y: 0, z: 0, w: 1}
  m_LocalPosition: {x: -1.1705606, y: -7.8891993, z: 0}
  m_LocalScale: {x: -1, y: 1, z: 1}
  m_Children: []
  m_Father: {fileID: 0}
  m_RootOrder: 0
  m_LocalEulerAnglesHint: {x: 0, y: 0, z: 0}
--- !u!50 &50025797531012392
Rigidbody2D:
  serializedVersion: 4
  m_ObjectHideFlags: 1
  m_PrefabParentObject: {fileID: 0}
  m_PrefabInternal: {fileID: 100100000}
  m_GameObject: {fileID: 1103707826719914}
  m_BodyType: 0
  m_Simulated: 1
  m_UseFullKinematicContacts: 0
  m_UseAutoMass: 0
  m_Mass: 21
  m_LinearDrag: 0
  m_AngularDrag: 0.05
  m_GravityScale: 1
  m_Material: {fileID: 0}
  m_Interpolate: 0
  m_SleepingMode: 1
  m_CollisionDetection: 1
  m_Constraints: 0
--- !u!60 &60888834500191150
PolygonCollider2D:
  m_ObjectHideFlags: 1
  m_PrefabParentObject: {fileID: 0}
  m_PrefabInternal: {fileID: 100100000}
  m_GameObject: {fileID: 1103707826719914}
  m_Enabled: 1
  m_Density: 1
  m_Material: {fileID: 0}
  m_IsTrigger: 0
  m_UsedByEffector: 0
  m_UsedByComposite: 0
  m_Offset: {x: 0, y: 0}
  m_SpriteTilingProperty:
    border: {x: 0, y: 0, z: 0, w: 0}
    pivot: {x: 0.20643519, y: 0.48887306}
    oldSize: {x: 2.23, y: 1.56}
    newSize: {x: 2.51, y: 1.03}
    adaptiveTilingThreshold: 0.5
    drawMode: 0
    adaptiveTiling: 0
  m_AutoTiling: 0
  m_Points:
    m_Paths:
    - - {x: 1.0596495, y: -0.16264197}
      - {x: 1.2696495, y: -0.12264198}
      - {x: 1.5196495, y: -0.06264198}
      - {x: 1.5596495, y: -0.042641982}
      - {x: 1.6396495, y: 0.027358016}
      - {x: 1.6696495, y: 0.077358015}
      - {x: 1.6796495, y: 0.12735802}
      - {x: 1.6796495, y: 0.14735802}
      - {x: 1.6396495, y: 0.23735802}
      - {x: 1.5996494, y: 0.27735803}
      - {x: 1.4796494, y: 0.337358}
      - {x: 0.049649503, y: 0.337358}
      - {x: -0.030350493, y: 0.327358}
      - {x: -0.19035049, y: 0.297358}
      - {x: -0.3203505, y: 0.17735802}
      - {x: -0.3603505, y: 0.08735801}
      - {x: -0.37035048, y: 0.037358016}
      - {x: -0.37035048, y: -0.05264198}
      - {x: -0.34035048, y: -0.13264199}
      - {x: -0.31035048, y: -0.20264198}
      - {x: -0.22035049, y: -0.302642}
      - {x: -0.11035049, y: -0.34264198}
      - {x: 0.089649506, y: -0.34264198}
      - {x: 0.1596495, y: -0.332642}
      - {x: 0.4396495, y: -0.28264198}
      - {x: 0.86964947, y: -0.21264198}
--- !u!114 &114074994792253762
MonoBehaviour:
  m_ObjectHideFlags: 1
  m_PrefabParentObject: {fileID: 0}
  m_PrefabInternal: {fileID: 100100000}
  m_GameObject: {fileID: 1103707826719914}
  m_Enabled: 1
  m_EditorHideFlags: 0
  m_Script: {fileID: 11500000, guid: c46a763644a1f7046a4129a15f6015d4, type: 3}
  m_Name: 
  m_EditorClassIdentifier: 
  rightFlipperRigid: {fileID: 0}
  torqueForce: 15000
  player: 1
--- !u!212 &212359121545618856
SpriteRenderer:
  m_ObjectHideFlags: 1
  m_PrefabParentObject: {fileID: 0}
  m_PrefabInternal: {fileID: 100100000}
  m_GameObject: {fileID: 1103707826719914}
  m_Enabled: 1
  m_CastShadows: 0
  m_ReceiveShadows: 0
  m_MotionVectors: 1
  m_LightProbeUsage: 1
  m_ReflectionProbeUsage: 1
  m_Materials:
  - {fileID: 10754, guid: 0000000000000000f000000000000000, type: 0}
  m_StaticBatchInfo:
    firstSubMesh: 0
    subMeshCount: 0
  m_StaticBatchRoot: {fileID: 0}
  m_ProbeAnchor: {fileID: 0}
  m_LightProbeVolumeOverride: {fileID: 0}
  m_ScaleInLightmap: 1
  m_PreserveUVs: 0
  m_IgnoreNormalsForChartDetection: 0
  m_ImportantGI: 0
  m_SelectedEditorRenderState: 0
  m_MinimumChartSize: 4
  m_AutoUVMaxDistance: 0.5
  m_AutoUVMaxAngle: 89
  m_LightmapParameters: {fileID: 0}
  m_SortingLayerID: 0
  m_SortingLayer: 0
  m_SortingOrder: 4
  m_Sprite: {fileID: 21300000, guid: 325e8c0a9af98634f9c741a9179bcc11, type: 3}
  m_Color: {r: 1, g: 1, b: 1, a: 1}
  m_FlipX: 0
  m_FlipY: 0
  m_DrawMode: 0
  m_Size: {x: 2.51, y: 1.03}
  m_AdaptiveModeThreshold: 0.5
  m_SpriteTileMode: 0
  m_WasSpriteAssigned: 1
--- !u!233 &233694082223903142
HingeJoint2D:
  m_ObjectHideFlags: 1
  m_PrefabParentObject: {fileID: 0}
  m_PrefabInternal: {fileID: 100100000}
  m_GameObject: {fileID: 1103707826719914}
  m_Enabled: 1
  serializedVersion: 4
  m_EnableCollision: 1
  m_ConnectedRigidBody: {fileID: 0}
  m_BreakForce: Infinity
  m_BreakTorque: Infinity
  m_AutoConfigureConnectedAnchor: 1
  m_Anchor: {x: 0, y: 0}
  m_ConnectedAnchor: {x: -1.1705606, y: -7.8891993}
  m_UseMotor: 1
  m_Motor:
    m_MotorSpeed: -1000
    m_MaximumMotorForce: 10000
  m_UseLimits: 1
  m_AngleLimits:
    m_LowerAngle: -25
    m_UpperAngle: 25
