%YAML 1.1
%TAG !u! tag:unity3d.com,2011:
--- !u!1001 &100100000
Prefab:
  m_ObjectHideFlags: 1
  serializedVersion: 2
  m_Modification:
    m_TransformParent: {fileID: 0}
    m_Modifications: []
    m_RemovedComponents: []
  m_ParentPrefab: {fileID: 0}
  m_RootGameObject: {fileID: 1103707826719914}
  m_IsPrefabParent: 1
--- !u!1 &1103707826719914
GameObject:
  m_ObjectHideFlags: 0
  m_PrefabParentObject: {fileID: 0}
  m_PrefabInternal: {fileID: 100100000}
  serializedVersion: 5
  m_Component:
  - component: {fileID: 4148720855997346}
  - component: {fileID: 212359121545618856}
  - component: {fileID: 50025797531012392}
  - component: {fileID: 60181658165318466}
  - component: {fileID: 233694082223903142}
  - component: {fileID: 114793338002599596}
  - component: {fileID: 114833339304120200}
  - component: {fileID: 114933321919127616}
  - component: {fileID: 114878296891008754}
  m_Layer: 10
  m_Name: Fantasma_Rigth
  m_TagString: Palheta
  m_Icon: {fileID: 0}
  m_NavMeshLayer: 0
  m_StaticEditorFlags: 0
  m_IsActive: 1
--- !u!4 &4148720855997346
Transform:
  m_ObjectHideFlags: 1
  m_PrefabParentObject: {fileID: 0}
  m_PrefabInternal: {fileID: 100100000}
  m_GameObject: {fileID: 1103707826719914}
  m_LocalRotation: {x: 0, y: 0, z: 0, w: 1}
  m_LocalPosition: {x: 3.7848215, y: -1.0063982, z: 0}
  m_LocalScale: {x: -1, y: 1, z: 1}
  m_Children: []
  m_Father: {fileID: 0}
  m_RootOrder: 0
  m_LocalEulerAnglesHint: {x: 0, y: 0, z: 0}
--- !u!50 &50025797531012392
Rigidbody2D:
  serializedVersion: 4
  m_ObjectHideFlags: 1
  m_PrefabParentObject: {fileID: 0}
  m_PrefabInternal: {fileID: 100100000}
  m_GameObject: {fileID: 1103707826719914}
  m_BodyType: 0
  m_Simulated: 1
  m_UseFullKinematicContacts: 0
  m_UseAutoMass: 0
  m_Mass: 21
  m_LinearDrag: 0
  m_AngularDrag: 0.05
  m_GravityScale: 0
  m_Material: {fileID: 0}
  m_Interpolate: 0
  m_SleepingMode: 1
  m_CollisionDetection: 1
  m_Constraints: 0
--- !u!60 &60181658165318466
PolygonCollider2D:
  m_ObjectHideFlags: 1
  m_PrefabParentObject: {fileID: 0}
  m_PrefabInternal: {fileID: 100100000}
  m_GameObject: {fileID: 1103707826719914}
  m_Enabled: 1
  m_Density: 1
  m_Material: {fileID: 0}
  m_IsTrigger: 0
  m_UsedByEffector: 0
  m_UsedByComposite: 0
  m_Offset: {x: 0, y: 0}
  m_SpriteTilingProperty:
    border: {x: 0, y: 0, z: 0, w: 0}
    pivot: {x: 0.20721216, y: 0.5}
    oldSize: {x: 2.23, y: 1.55}
    newSize: {x: 2.23, y: 1.55}
    adaptiveTilingThreshold: 0.5
    drawMode: 0
    adaptiveTiling: 0
  m_AutoTiling: 0
  m_Points:
    m_Paths:
    - - {x: 1.2579168, y: -0.155}
      - {x: 1.4779168, y: -0.095}
      - {x: 1.5579169, y: -0.065}
      - {x: 1.6379168, y: -0.005}
      - {x: 1.6679168, y: 0.065}
      - {x: 1.6679168, y: 0.175}
      - {x: 1.6079168, y: 0.265}
      - {x: 1.4679168, y: 0.315}
      - {x: 0.6779169, y: 0.315}
      - {x: 0.6779169, y: 0.325}
      - {x: -0.08208313, y: 0.325}
      - {x: -0.18208313, y: 0.295}
      - {x: -0.32208312, y: 0.185}
      - {x: -0.37208313, y: 0.085}
      - {x: -0.37208313, y: -0.074999996}
      - {x: -0.31208313, y: -0.21499999}
      - {x: -0.21208313, y: -0.305}
      - {x: -0.14208312, y: -0.33499998}
      - {x: -0.06208313, y: -0.355}
      - {x: 0.12791687, y: -0.355}
      - {x: 0.19791687, y: -0.33499998}
      - {x: 0.82791686, y: -0.235}
      - {x: 1.0279168, y: -0.185}
--- !u!114 &114793338002599596
MonoBehaviour:
  m_ObjectHideFlags: 1
  m_PrefabParentObject: {fileID: 0}
  m_PrefabInternal: {fileID: 100100000}
  m_GameObject: {fileID: 1103707826719914}
  m_Enabled: 1
  m_EditorHideFlags: 0
  m_Script: {fileID: 11500000, guid: 9e2c956be2638cb42a5fedabc42e2e8f, type: 3}
  m_Name: 
  m_EditorClassIdentifier: 
  ball: {fileID: 0}
--- !u!114 &114833339304120200
MonoBehaviour:
  m_ObjectHideFlags: 1
  m_PrefabParentObject: {fileID: 0}
  m_PrefabInternal: {fileID: 100100000}
  m_GameObject: {fileID: 1103707826719914}
  m_Enabled: 1
  m_EditorHideFlags: 0
  m_Script: {fileID: 372142912, guid: dc443db3e92b4983b9738c1131f555cb, type: 3}
  m_Name: 
  m_EditorClassIdentifier: 
  m_SceneId:
    m_Value: 0
  m_AssetId:
    i0: 98
    i1: 17
    i2: 93
    i3: 58
    i4: 5
    i5: 191
    i6: 64
    i7: 180
    i8: 75
    i9: 216
    i10: 1
    i11: 13
    i12: 111
    i13: 12
    i14: 205
    i15: 242
  m_ServerOnly: 0
  m_LocalPlayerAuthority: 1
--- !u!114 &114878296891008754
MonoBehaviour:
  m_ObjectHideFlags: 1
  m_PrefabParentObject: {fileID: 0}
  m_PrefabInternal: {fileID: 100100000}
  m_GameObject: {fileID: 1103707826719914}
  m_Enabled: 1
  m_EditorHideFlags: 0
  m_Script: {fileID: -1768714887, guid: dc443db3e92b4983b9738c1131f555cb, type: 3}
  m_Name: 
  m_EditorClassIdentifier: 
  m_TransformSyncMode: 2
  m_SendInterval: 0.1
  m_SyncRotationAxis: 3
  m_RotationSyncCompression: 2
  m_SyncSpin: 1
  m_MovementTheshold: 0.001
  m_VelocityThreshold: 0.0001
  m_SnapThreshold: 5
  m_InterpolateRotation: 15
  m_InterpolateMovement: 1
--- !u!114 &114933321919127616
MonoBehaviour:
  m_ObjectHideFlags: 1
  m_PrefabParentObject: {fileID: 0}
  m_PrefabInternal: {fileID: 100100000}
  m_GameObject: {fileID: 1103707826719914}
  m_Enabled: 1
  m_EditorHideFlags: 0
  m_Script: {fileID: 11500000, guid: 7d87fdd76c4998041b8d233b4037fc22, type: 3}
  m_Name: 
  m_EditorClassIdentifier: 
  rightFlipperRigid: {fileID: 0}
  torqueForce: -27
--- !u!212 &212359121545618856
SpriteRenderer:
  m_ObjectHideFlags: 1
  m_PrefabParentObject: {fileID: 0}
  m_PrefabInternal: {fileID: 100100000}
  m_GameObject: {fileID: 1103707826719914}
  m_Enabled: 1
  m_CastShadows: 0
  m_ReceiveShadows: 0
  m_MotionVectors: 1
  m_LightProbeUsage: 1
  m_ReflectionProbeUsage: 1
  m_Materials:
  - {fileID: 10754, guid: 0000000000000000f000000000000000, type: 0}
  m_StaticBatchInfo:
    firstSubMesh: 0
    subMeshCount: 0
  m_StaticBatchRoot: {fileID: 0}
  m_ProbeAnchor: {fileID: 0}
  m_LightProbeVolumeOverride: {fileID: 0}
  m_ScaleInLightmap: 1
  m_PreserveUVs: 0
  m_IgnoreNormalsForChartDetection: 0
  m_ImportantGI: 0
  m_SelectedEditorRenderState: 0
  m_MinimumChartSize: 4
  m_AutoUVMaxDistance: 0.5
  m_AutoUVMaxAngle: 89
  m_LightmapParameters: {fileID: 0}
  m_SortingLayerID: 0
  m_SortingLayer: 0
  m_SortingOrder: 4
  m_Sprite: {fileID: 21300000, guid: fcd06affe3107974d9e2c28b9a16c70e, type: 3}
  m_Color: {r: 1, g: 1, b: 1, a: 1}
  m_FlipX: 0
  m_FlipY: 0
  m_DrawMode: 0
  m_Size: {x: 2.23, y: 1.55}
  m_AdaptiveModeThreshold: 0.5
  m_SpriteTileMode: 0
  m_WasSpriteAssigned: 1
--- !u!233 &233694082223903142
HingeJoint2D:
  m_ObjectHideFlags: 1
  m_PrefabParentObject: {fileID: 0}
  m_PrefabInternal: {fileID: 100100000}
  m_GameObject: {fileID: 1103707826719914}
  m_Enabled: 1
  serializedVersion: 4
  m_EnableCollision: 1
  m_ConnectedRigidBody: {fileID: 0}
  m_BreakForce: Infinity
  m_BreakTorque: Infinity
  m_AutoConfigureConnectedAnchor: 1
  m_Anchor: {x: 0, y: 0}
  m_ConnectedAnchor: {x: 3.7848215, y: -1.0063982}
  m_UseMotor: 0
  m_Motor:
    m_MotorSpeed: -1000
    m_MaximumMotorForce: 10000
  m_UseLimits: 0
  m_AngleLimits:
    m_LowerAngle: -25
    m_UpperAngle: 25
