%YAML 1.1
%TAG !u! tag:unity3d.com,2011:
--- !u!1001 &100100000
Prefab:
  m_ObjectHideFlags: 1
  serializedVersion: 2
  m_Modification:
    m_TransformParent: {fileID: 0}
    m_Modifications: []
    m_RemovedComponents: []
  m_ParentPrefab: {fileID: 0}
  m_RootGameObject: {fileID: 1519518644684696}
  m_IsPrefabParent: 1
--- !u!1 &1000435669753978
GameObject:
  m_ObjectHideFlags: 0
  m_PrefabParentObject: {fileID: 0}
  m_PrefabInternal: {fileID: 100100000}
  serializedVersion: 5
  m_Component:
  - component: {fileID: 4781299198297602}
  - component: {fileID: 50655647980249810}
  - component: {fileID: 233733428683646238}
  - component: {fileID: 60112022686525634}
  m_Layer: 10
  m_Name: Left
  m_TagString: Palheta
  m_Icon: {fileID: 0}
  m_NavMeshLayer: 0
  m_StaticEditorFlags: 0
  m_IsActive: 1
--- !u!1 &1519518644684696
GameObject:
  m_ObjectHideFlags: 0
  m_PrefabParentObject: {fileID: 0}
  m_PrefabInternal: {fileID: 100100000}
  serializedVersion: 5
  m_Component:
  - component: {fileID: 4027455031643154}
  - component: {fileID: 212980952983625638}
  m_Layer: 10
  m_Name: PalhetaPsiquicaAzul_Left
  m_TagString: Palheta
  m_Icon: {fileID: 0}
  m_NavMeshLayer: 0
  m_StaticEditorFlags: 0
  m_IsActive: 1
--- !u!4 &4027455031643154
Transform:
  m_ObjectHideFlags: 1
  m_PrefabParentObject: {fileID: 0}
  m_PrefabInternal: {fileID: 100100000}
  m_GameObject: {fileID: 1519518644684696}
  m_LocalRotation: {x: 0, y: 0, z: -0.23344536, w: 0.97236997}
  m_LocalPosition: {x: -1.6136463, y: -7.0232563, z: 0}
  m_LocalScale: {x: 1, y: 1, z: 1}
  m_Children:
  - {fileID: 4781299198297602}
  m_Father: {fileID: 0}
  m_RootOrder: 0
  m_LocalEulerAnglesHint: {x: 0, y: 0, z: -27}
--- !u!4 &4781299198297602
Transform:
  m_ObjectHideFlags: 1
  m_PrefabParentObject: {fileID: 0}
  m_PrefabInternal: {fileID: 100100000}
  m_GameObject: {fileID: 1000435669753978}
  m_LocalRotation: {x: -0, y: -0, z: 0.23344536, w: 0.97236997}
  m_LocalPosition: {x: 0, y: 0, z: 0}
  m_LocalScale: {x: 1, y: 1, z: 1}
  m_Children: []
  m_Father: {fileID: 4027455031643154}
  m_RootOrder: 0
  m_LocalEulerAnglesHint: {x: 0, y: 0, z: 0}
--- !u!50 &50655647980249810
Rigidbody2D:
  serializedVersion: 4
  m_ObjectHideFlags: 1
  m_PrefabParentObject: {fileID: 0}
  m_PrefabInternal: {fileID: 100100000}
  m_GameObject: {fileID: 1000435669753978}
  m_BodyType: 0
  m_Simulated: 1
  m_UseFullKinematicContacts: 0
  m_UseAutoMass: 0
  m_Mass: 21
  m_LinearDrag: 0
  m_AngularDrag: 0.05
  m_GravityScale: 0
  m_Material: {fileID: 0}
  m_Interpolate: 0
  m_SleepingMode: 1
  m_CollisionDetection: 1
  m_Constraints: 0
--- !u!60 &60112022686525634
PolygonCollider2D:
  m_ObjectHideFlags: 1
  m_PrefabParentObject: {fileID: 0}
  m_PrefabInternal: {fileID: 100100000}
  m_GameObject: {fileID: 1000435669753978}
  m_Enabled: 1
  m_Density: 1
  m_Material: {fileID: 0}
  m_IsTrigger: 0
  m_UsedByEffector: 0
  m_UsedByComposite: 0
  m_Offset: {x: 0, y: 0}
  m_SpriteTilingProperty:
    border: {x: 0, y: 0, z: 0, w: 0}
    pivot: {x: 0.2061073, y: 0.48728344}
    oldSize: {x: 2.23, y: 1.55}
    newSize: {x: 2.23, y: 1.55}
    adaptiveTilingThreshold: 0.5
    drawMode: 0
    adaptiveTiling: 0
  m_AutoTiling: 0
  m_Points:
    m_Paths:
    - - {x: 0.6603807, y: -0.2452893}
      - {x: 0.7703807, y: -0.2252893}
      - {x: 0.8703807, y: -0.2052893}
      - {x: 1.1603807, y: -0.1452893}
      - {x: 1.5303807, y: -0.0752893}
      - {x: 1.6503806, y: 0.014710693}
      - {x: 1.6703807, y: 0.07471069}
      - {x: 1.6803807, y: 0.124710694}
      - {x: 1.6803807, y: 0.14471069}
      - {x: 1.6403806, y: 0.2347107}
      - {x: 1.6003807, y: 0.27471069}
      - {x: 1.4803807, y: 0.3347107}
      - {x: 0.050380707, y: 0.3347107}
      - {x: -0.029619293, y: 0.3247107}
      - {x: -0.18961929, y: 0.2947107}
      - {x: -0.3296193, y: 0.17471069}
      - {x: -0.36961928, y: 0.054710694}
      - {x: -0.36961928, y: -0.055289306}
      - {x: -0.33961928, y: -0.1352893}
      - {x: -0.30961928, y: -0.2052893}
      - {x: -0.21961929, y: -0.3052893}
      - {x: -0.10961929, y: -0.3452893}
      - {x: 0.090380706, y: -0.3452893}
      - {x: 0.1603807, y: -0.3352893}
      - {x: 0.4403807, y: -0.2852893}
      - {x: 0.6103807, y: -0.2552893}
--- !u!212 &212980952983625638
SpriteRenderer:
  m_ObjectHideFlags: 1
  m_PrefabParentObject: {fileID: 0}
  m_PrefabInternal: {fileID: 100100000}
  m_GameObject: {fileID: 1519518644684696}
  m_Enabled: 1
  m_CastShadows: 0
  m_ReceiveShadows: 0
  m_MotionVectors: 1
  m_LightProbeUsage: 1
  m_ReflectionProbeUsage: 1
  m_Materials:
  - {fileID: 10754, guid: 0000000000000000f000000000000000, type: 0}
  m_StaticBatchInfo:
    firstSubMesh: 0
    subMeshCount: 0
  m_StaticBatchRoot: {fileID: 0}
  m_ProbeAnchor: {fileID: 0}
  m_LightProbeVolumeOverride: {fileID: 0}
  m_ScaleInLightmap: 1
  m_PreserveUVs: 0
  m_IgnoreNormalsForChartDetection: 0
  m_ImportantGI: 0
  m_SelectedEditorRenderState: 0
  m_MinimumChartSize: 4
  m_AutoUVMaxDistance: 0.5
  m_AutoUVMaxAngle: 89
  m_LightmapParameters: {fileID: 0}
  m_SortingLayerID: 0
  m_SortingLayer: 0
  m_SortingOrder: 4
  m_Sprite: {fileID: 21300000, guid: a8e28f0f99b9ff242a524dd27fd2cabc, type: 3}
  m_Color: {r: 1, g: 1, b: 1, a: 1}
  m_FlipX: 0
  m_FlipY: 0
  m_DrawMode: 0
  m_Size: {x: 2.23, y: 1.55}
  m_AdaptiveModeThreshold: 0.5
  m_SpriteTileMode: 0
  m_WasSpriteAssigned: 1
--- !u!233 &233733428683646238
HingeJoint2D:
  m_ObjectHideFlags: 1
  m_PrefabParentObject: {fileID: 0}
  m_PrefabInternal: {fileID: 100100000}
  m_GameObject: {fileID: 1000435669753978}
  m_Enabled: 1
  serializedVersion: 4
  m_EnableCollision: 1
  m_ConnectedRigidBody: {fileID: 0}
  m_BreakForce: Infinity
  m_BreakTorque: Infinity
  m_AutoConfigureConnectedAnchor: 1
  m_Anchor: {x: 0, y: 0}
  m_ConnectedAnchor: {x: -1.6136463, y: -7.0232563}
  m_UseMotor: 0
  m_Motor:
    m_MotorSpeed: 1000
    m_MaximumMotorForce: 10000
  m_UseLimits: 0
  m_AngleLimits:
    m_LowerAngle: -20
    m_UpperAngle: 50
