%YAML 1.1
%TAG !u! tag:unity3d.com,2011:
--- !u!1001 &100100000
Prefab:
  m_ObjectHideFlags: 1
  serializedVersion: 2
  m_Modification:
    m_TransformParent: {fileID: 0}
    m_Modifications: []
    m_RemovedComponents: []
  m_ParentPrefab: {fileID: 0}
  m_RootGameObject: {fileID: 1103707826719914}
  m_IsPrefabParent: 1
--- !u!1 &1103707826719914
GameObject:
  m_ObjectHideFlags: 0
  m_PrefabParentObject: {fileID: 0}
  m_PrefabInternal: {fileID: 100100000}
  serializedVersion: 5
  m_Component:
  - component: {fileID: 4148720855997346}
  - component: {fileID: 212359121545618856}
  - component: {fileID: 50025797531012392}
  - component: {fileID: 233694082223903142}
  - component: {fileID: 60888834500191150}
  - component: {fileID: 114315802794994740}
  - component: {fileID: 114509678914178922}
  - component: {fileID: 114042434238700684}
  m_Layer: 10
  m_Name: PalhetaGeloAmarela_Rigth
  m_TagString: Palheta
  m_Icon: {fileID: 0}
  m_NavMeshLayer: 0
  m_StaticEditorFlags: 0
  m_IsActive: 1
--- !u!4 &4148720855997346
Transform:
  m_ObjectHideFlags: 1
  m_PrefabParentObject: {fileID: 0}
  m_PrefabInternal: {fileID: 100100000}
  m_GameObject: {fileID: 1103707826719914}
  m_LocalRotation: {x: 0, y: 0, z: 0, w: 1}
  m_LocalPosition: {x: -1.1705606, y: -7.8891993, z: 0}
  m_LocalScale: {x: -1, y: 1, z: 1}
  m_Children: []
  m_Father: {fileID: 0}
  m_RootOrder: 0
  m_LocalEulerAnglesHint: {x: 0, y: 0, z: 0}
--- !u!50 &50025797531012392
Rigidbody2D:
  serializedVersion: 4
  m_ObjectHideFlags: 1
  m_PrefabParentObject: {fileID: 0}
  m_PrefabInternal: {fileID: 100100000}
  m_GameObject: {fileID: 1103707826719914}
  m_BodyType: 0
  m_Simulated: 1
  m_UseFullKinematicContacts: 0
  m_UseAutoMass: 0
  m_Mass: 21
  m_LinearDrag: 0
  m_AngularDrag: 0.05
  m_GravityScale: 0
  m_Material: {fileID: 0}
  m_Interpolate: 0
  m_SleepingMode: 1
  m_CollisionDetection: 1
  m_Constraints: 0
--- !u!60 &60888834500191150
PolygonCollider2D:
  m_ObjectHideFlags: 1
  m_PrefabParentObject: {fileID: 0}
  m_PrefabInternal: {fileID: 100100000}
  m_GameObject: {fileID: 1103707826719914}
  m_Enabled: 1
  m_Density: 1
  m_Material: {fileID: 0}
  m_IsTrigger: 0
  m_UsedByEffector: 0
  m_UsedByComposite: 0
  m_Offset: {x: 0, y: 0}
  m_SpriteTilingProperty:
    border: {x: 0, y: 0, z: 0, w: 0}
    pivot: {x: 0.20942189, y: 0.4825147}
    oldSize: {x: 2.23, y: 1.55}
    newSize: {x: 2.23, y: 1.55}
    adaptiveTilingThreshold: 0.5
    drawMode: 0
    adaptiveTiling: 0
  m_AutoTiling: 0
  m_Points:
    m_Paths:
    - - {x: 1.5303807, y: -0.080361634}
      - {x: 1.6603807, y: 0.029638367}
      - {x: 1.6803807, y: 0.069638364}
      - {x: 1.6803807, y: 0.15963836}
      - {x: 1.6703807, y: 0.21963836}
      - {x: 1.5903807, y: 0.29963836}
      - {x: 1.4903806, y: 0.33963835}
      - {x: 0.040380705, y: 0.33963835}
      - {x: -0.04961929, y: 0.32963836}
      - {x: -0.18961929, y: 0.29963836}
      - {x: -0.3296193, y: 0.17963836}
      - {x: -0.36961928, y: 0.069638364}
      - {x: -0.36961928, y: -0.13036163}
      - {x: -0.33961928, y: -0.18036163}
      - {x: -0.23961928, y: -0.2903616}
      - {x: -0.1496193, y: -0.34036162}
      - {x: -0.09961929, y: -0.35036162}
      - {x: 0.090380706, y: -0.35036162}
      - {x: 0.5403807, y: -0.27036163}
      - {x: 1.2203807, y: -0.14036164}
      - {x: 1.4603807, y: -0.09036163}
--- !u!114 &114042434238700684
MonoBehaviour:
  m_ObjectHideFlags: 1
  m_PrefabParentObject: {fileID: 0}
  m_PrefabInternal: {fileID: 100100000}
  m_GameObject: {fileID: 1103707826719914}
  m_Enabled: 1
  m_EditorHideFlags: 0
  m_Script: {fileID: -1768714887, guid: dc443db3e92b4983b9738c1131f555cb, type: 3}
  m_Name: 
  m_EditorClassIdentifier: 
  m_TransformSyncMode: 2
  m_SendInterval: 0.1
  m_SyncRotationAxis: 3
  m_RotationSyncCompression: 2
  m_SyncSpin: 1
  m_MovementTheshold: 0.001
  m_VelocityThreshold: 0.0001
  m_SnapThreshold: 5
  m_InterpolateRotation: 15
  m_InterpolateMovement: 1
--- !u!114 &114315802794994740
MonoBehaviour:
  m_ObjectHideFlags: 1
  m_PrefabParentObject: {fileID: 0}
  m_PrefabInternal: {fileID: 100100000}
  m_GameObject: {fileID: 1103707826719914}
  m_Enabled: 1
  m_EditorHideFlags: 0
  m_Script: {fileID: 372142912, guid: dc443db3e92b4983b9738c1131f555cb, type: 3}
  m_Name: 
  m_EditorClassIdentifier: 
  m_SceneId:
    m_Value: 0
  m_AssetId:
    i0: 198
    i1: 69
    i2: 209
    i3: 25
    i4: 208
    i5: 61
    i6: 7
    i7: 4
    i8: 73
    i9: 241
    i10: 59
    i11: 190
    i12: 57
    i13: 199
    i14: 91
    i15: 236
  m_ServerOnly: 0
  m_LocalPlayerAuthority: 1
--- !u!114 &114509678914178922
MonoBehaviour:
  m_ObjectHideFlags: 1
  m_PrefabParentObject: {fileID: 0}
  m_PrefabInternal: {fileID: 100100000}
  m_GameObject: {fileID: 1103707826719914}
  m_Enabled: 1
  m_EditorHideFlags: 0
  m_Script: {fileID: 11500000, guid: 7d87fdd76c4998041b8d233b4037fc22, type: 3}
  m_Name: 
  m_EditorClassIdentifier: 
  rightFlipperRigid: {fileID: 0}
  torqueForce: -27
--- !u!212 &212359121545618856
SpriteRenderer:
  m_ObjectHideFlags: 1
  m_PrefabParentObject: {fileID: 0}
  m_PrefabInternal: {fileID: 100100000}
  m_GameObject: {fileID: 1103707826719914}
  m_Enabled: 1
  m_CastShadows: 0
  m_ReceiveShadows: 0
  m_MotionVectors: 1
  m_LightProbeUsage: 1
  m_ReflectionProbeUsage: 1
  m_Materials:
  - {fileID: 10754, guid: 0000000000000000f000000000000000, type: 0}
  m_StaticBatchInfo:
    firstSubMesh: 0
    subMeshCount: 0
  m_StaticBatchRoot: {fileID: 0}
  m_ProbeAnchor: {fileID: 0}
  m_LightProbeVolumeOverride: {fileID: 0}
  m_ScaleInLightmap: 1
  m_PreserveUVs: 0
  m_IgnoreNormalsForChartDetection: 0
  m_ImportantGI: 0
  m_SelectedEditorRenderState: 0
  m_MinimumChartSize: 4
  m_AutoUVMaxDistance: 0.5
  m_AutoUVMaxAngle: 89
  m_LightmapParameters: {fileID: 0}
  m_SortingLayerID: 0
  m_SortingLayer: 0
  m_SortingOrder: 4
  m_Sprite: {fileID: 21300000, guid: 7b904536be6de3d4a9a59c11de7c9065, type: 3}
  m_Color: {r: 1, g: 1, b: 1, a: 1}
  m_FlipX: 0
  m_FlipY: 0
  m_DrawMode: 0
  m_Size: {x: 2.23, y: 1.55}
  m_AdaptiveModeThreshold: 0.5
  m_SpriteTileMode: 0
  m_WasSpriteAssigned: 1
--- !u!233 &233694082223903142
HingeJoint2D:
  m_ObjectHideFlags: 1
  m_PrefabParentObject: {fileID: 0}
  m_PrefabInternal: {fileID: 100100000}
  m_GameObject: {fileID: 1103707826719914}
  m_Enabled: 1
  serializedVersion: 4
  m_EnableCollision: 1
  m_ConnectedRigidBody: {fileID: 0}
  m_BreakForce: Infinity
  m_BreakTorque: Infinity
  m_AutoConfigureConnectedAnchor: 1
  m_Anchor: {x: 0, y: 0}
  m_ConnectedAnchor: {x: -1.1705606, y: -7.8891993}
  m_UseMotor: 0
  m_Motor:
    m_MotorSpeed: -1000
    m_MaximumMotorForce: 10000
  m_UseLimits: 0
  m_AngleLimits:
    m_LowerAngle: -25
    m_UpperAngle: 25
